@article{Bronstein2017,
  author={{Michael M.} Bronstein and Joan Bruna and Yann LeCun and Arthur Szlam and Pierre Vandergheynst},
  journal={IEEE Signal Processing Magazine},
  title={Geometric Deep Learning: Going beyond Euclidean data},
  year={2017},
  volume={34},
  number={4},
  pages={18--42},
}

@article{Monti2016,
  author={Federico Monti and Davide Boscaini and Jonathan Masci and Emanuele Rodol{\`{a}} and Jan Svoboda and {Michael M.} Bronstein},
  title={Geometric deep learning on graphs and manifolds using mixture model CNNs},
  journal={CoRR},
  year={2016},
}

@mastersthesis{Fey2017,
  title={Convolutional {N}eural {N}etworks auf {G}raphrepr{\"a}sentationen von {B}ildern},
  author={Matthias Fey},
  school={Technische Universit{\"a}t Dortmund},
  year={2017},
}
